<?xml version="1.0" encoding="UTF-8"?><record xmlns="http://www.loc.gov/MARC21/slim" xmlns:cinclude="http://apache.org/cocoon/include/1.0" xmlns:zs="http://www.loc.gov/zing/srw/">
  <leader>00965cz  a2200169n  4500</leader>
  <controlfield tag="001">n  99835106 </controlfield>
  <controlfield tag="003">DLC</controlfield>
  <controlfield tag="005">20060321085710.0</controlfield>
  <controlfield tag="008">990914n| acannaabn          |a aaa      </controlfield>
  <datafield tag="010" ind1=" " ind2=" ">
    <subfield code="a">n  99835106 </subfield>
    <subfield code="z">n  81094121 </subfield>
  </datafield>
  <datafield tag="040" ind1=" " ind2=" ">
    <subfield code="a">DLC</subfield>
    <subfield code="b">eng</subfield>
    <subfield code="c">DLC</subfield>
    <subfield code="d">DLC</subfield>
  </datafield>
  <datafield tag="100" ind1="1" ind2=" ">
    <subfield code="a">Cosman, Madeleine Pelner</subfield>
  </datafield>
  <datafield tag="400" ind1="1" ind2=" ">
    <subfield code="a">Cosman, Madeline Pelner</subfield>
  </datafield>
  <datafield tag="400" ind1="1" ind2=" ">
    <subfield code="a">Pelner, Madeleine</subfield>
  </datafield>
  <datafield tag="670" ind1=" " ind2=" ">
    <subfield code="a">Women at work in medieval Europe, 2000:</subfield>
    <subfield code="b">CIP t.p. (Madeline Pelner Cosman)</subfield>
  </datafield>
  <datafield tag="670" ind1=" " ind2=" ">
    <subfield code="a">Info. from CIP publisher, 10-25-99:</subfield>
    <subfield code="b">(name changed to Madeleine Pelner Cosman)</subfield>
  </datafield>
  <datafield tag="670" ind1=" " ind2=" ">
    <subfield code="a">New York times WWW site, Mar. 21, 2006</subfield>
    <subfield code="b">(in obituary published Mar. 19: Madeleine Pelner Cosman; b. Madeleine Pelner, Dec. 4, 1937, Brooklyn; d. Mar. 2, Escondido, Calif., aged 68; prominent writer, scholar, and lecturer whose passion for what she called the "glorious order" of the past led her first to a career in medieval and Renaissance studies and more recently to wide public advocacy of tougher immigration laws)</subfield>
  </datafield>
</record>